@online{apuntes,
    title={Material de la asignatura Procesadores de Lenguajes},
    author={Javier Fabra and José Neira},
}

@online{javacc,
    title={Documentación de JavaCC},
    url={https://javacc.github.io/javacc/},
    urldate={2020-07-13}
}
